@inproceedings{kaageback2014extractive,
  title={Extractive summarization using continuous vector space models},
  author={K{\aa}geb{\"a}ck, Mikael and Mogren, Olof and Tahmasebi, Nina and Dubhashi, Devdatt},
  booktitle={Proceedings of the 2nd Workshop on Continuous Vector Space Models and their Compositionality (CVSC)@ EACL},
  pages={31--39},
  year={2014}
}

BibTeX | EndNote | ACM Ref
@article{Sebastiani:2002:MLA:505282.505283,
 author = {Sebastiani, Fabrizio},
 title = {Machine Learning in Automated Text Categorization},
 journal = {ACM Comput. Surv.},
 issue_date = {March 2002},
 volume = {34},
 number = {1},
 month = mar,
 year = {2002},
 issn = {0360-0300},
 pages = {1--47},
 numpages = {47},
 url = {http://doi.acm.org/10.1145/505282.505283},
 doi = {10.1145/505282.505283},
 acmid = {505283},
 publisher = {ACM},
 address = {New York, NY, USA},
 keywords = {Machine learning, text categorization, text classification},
} 


@inproceedings{Popat:2009:PAT:1600193.1600237,
 author = {Popat, Ashok C.},
 title = {A Panlingual Anomalous Text Detector},
 booktitle = {Proceedings of the 9th ACM Symposium on Document Engineering},
 series = {DocEng '09},
 year = {2009},
 isbn = {978-1-60558-575-8},
 location = {Munich, Germany},
 pages = {201--204},
 numpages = {4},
 url = {http://doi.acm.org/10.1145/1600193.1600237},
 doi = {10.1145/1600193.1600237},
 acmid = {1600237},
 publisher = {ACM},
 address = {New York, NY, USA},
 keywords = {garbage strings, language identification, mixture models, ppm, text quality, witten-bell},
} 

@misc{Matrizes36:online,
author = {},
title = {Matrizes de ReferÃªncia - INEP},
howpublished = {\url{http://portal.inep.gov.br/web/guest/educacao-basica/encceja/matrizes-de-referencia}},
month = {},
year = {},
note = {(Accessed on 09/05/2018)}
}