@inproceedings{dorigo1999ant,
  title={Ant colony optimization: a new meta-heuristic},
  author={Dorigo, Marco and Di Caro, Gianni},
  booktitle={Proceedings of the 1999 congress on evolutionary computation-CEC99 (Cat. No. 99TH8406)},
  volume={2},
  pages={1470--1477},
  year={1999},
  organization={IEEE}
}