@article{mackiewicz1993principal,
  title={Principal components analysis (PCA)},
  author={Mackiewicz, Andrzej and Ratajczak, Waldemar},
  journal={Computers and Geosciences},
  volume={19},
  pages={303--342},
  year={1993}
}

@misc{ANeuralN47:online,
    author = {Daniel Smilkov and Shan Carter},
    title = {A Neural Network Playground},
    howpublished = {\url{http://playground.tensorflow.org/}}
}

@techreport{rosenblatt1961principles,
  title={Principles of neurodynamics. perceptrons and the theory of brain mechanisms},
  author={Rosenblatt, Frank},
  year={1961},
  institution={CORNELL AERONAUTICAL LAB INC BUFFALO NY}
}

@article{backpropagation,
author = {Sathyanarayana, Shashi},
year = {2014},
month = {07},
pages = {16},
title = {A Gentle Introduction to Backpropagation},
journal = {Numeric Insight, Inc Whitepaper}
}

@article{rumelhart1986learning,
  title={Learning representations by back-propagating errors},
  author={Rumelhart, David E and Hinton, Geoffrey E and Williams, Ronald J},
  journal={nature},
  volume={323},
  number={6088},
  pages={533},
  year={1986},
  publisher={Nature Publishing Group}
}

@inproceedings{maas2013rectifier,
  title={Rectifier nonlinearities improve neural network acoustic models},
  author={Maas, Andrew L. and Hannun, Awni Y. and Ng, Andrew Y.},
  booktitle={ICML Workshop on Deep Learning for Audio, Speech, and Language Processing},
  year={2013}
}

@article{srivastava2014dropout,
  title={Dropout: a simple way to prevent neural networks from overfitting},
  author={Srivastava, Nitish and Hinton, Geoffrey and Krizhevsky, Alex and Sutskever, Ilya and Salakhutdinov, Ruslan},
  journal={The Journal of Machine Learning Research},
  volume={15},
  number={1},
  pages={1929--1958},
  year={2014},
  publisher={JMLR. org}
}
